<record><leader>00000cas a2200000 i 4500</leader><controlfield tag="001">945638517</controlfield><controlfield tag="006">m     o  d        </controlfield><controlfield tag="007">cr mn|||||||||</controlfield><controlfield tag="008">160328c20149999ncuwr nso     0    0eng c</controlfield><datafield ind1=" " ind2=" " tag="010"><subfield code="a">  2016252009</subfield></datafield><datafield ind1=" " ind2=" " tag="040"><subfield code="a">WAU</subfield><subfield code="e">rda</subfield><subfield code="c">WAU</subfield><subfield code="d">WAU</subfield></datafield><datafield ind1=" " ind2=" " tag="022"><subfield code="a">1525-9218</subfield></datafield><datafield ind1=" " ind2=" " tag="042"><subfield code="a">pcc</subfield></datafield><datafield ind1=" " ind2=" " tag="043"><subfield code="a">n-us-nc</subfield></datafield><datafield ind1="1" ind2="4" tag="050"><subfield code="a">HC107.N8</subfield></datafield><datafield ind1="0" ind2="0" tag="245"><subfield code="a">Triad business journal.</subfield></datafield><datafield ind1=" " ind2="1" tag="264"><subfield code="a">Greensboro, NC :</subfield><subfield code="b">American City Business Journals,</subfield><subfield code="c">[2014]-</subfield></datafield><datafield ind1=" " ind2=" " tag="300"><subfield code="a">1 online resource</subfield></datafield><datafield ind1=" " ind2=" " tag="310"><subfield code="a">Weekly</subfield></datafield><datafield ind1=" " ind2=" " tag="336"><subfield code="a">text</subfield><subfield code="b">txt</subfield><subfield code="2">rdacontent</subfield></datafield><datafield ind1=" " ind2=" " tag="337"><subfield code="a">computer</subfield><subfield code="b">c</subfield><subfield code="2">rdamedia</subfield></datafield><datafield ind1=" " ind2=" " tag="338"><subfield code="a">online resource</subfield><subfield code="b">cr</subfield><subfield code="2">rdacarrier</subfield></datafield><datafield ind1="1" ind2=" " tag="362"><subfield code="a">Began with: Volume 16, number 29 (March 28-April 3, 2014).</subfield></datafield><datafield ind1=" " ind2=" " tag="588"><subfield code="a">Description based on: Volume 16, number 29 (March 28-April 3, 2014) (publisher's Web site, viewed March 28, 2016).</subfield></datafield><datafield ind1=" " ind2=" " tag="588"><subfield code="a">Latest issue consulted: Vol. 18, number 29 (April 1- 7, 2016) (publisher's Web site, viewed March 28, 2016).</subfield></datafield><datafield ind1=" " ind2="0" tag="651"><subfield code="a">Piedmont Triad (N.C.)</subfield><subfield code="x">Commerce</subfield><subfield code="v">Periodicals.</subfield></datafield><datafield ind1=" " ind2="0" tag="651"><subfield code="a">Piedmont Triad (N.C.)</subfield><subfield code="x">Economic conditions</subfield><subfield code="v">Periodicals.</subfield></datafield><datafield ind1=" " ind2="0" tag="650"><subfield code="a">Business enterprises</subfield><subfield code="z">North Carolina</subfield><subfield code="z">Piedmont Triad</subfield><subfield code="v">Periodicals.</subfield></datafield><datafield ind1=" " ind2="7" tag="650"><subfield code="a">Business enterprises.</subfield><subfield code="2">fast</subfield><subfield code="0">(OCoLC)fst00842519</subfield></datafield><datafield ind1=" " ind2="7" tag="650"><subfield code="a">Commerce.</subfield><subfield code="2">fast</subfield><subfield code="0">(OCoLC)fst00869279</subfield></datafield><datafield ind1=" " ind2="7" tag="650"><subfield code="a">Economic history.</subfield><subfield code="2">fast</subfield><subfield code="0">(OCoLC)fst00901974</subfield></datafield><datafield ind1=" " ind2="7" tag="651"><subfield code="a">North Carolina</subfield><subfield code="z">Piedmont Triad.</subfield><subfield code="2">fast</subfield><subfield code="0">(OCoLC)fst01890969</subfield></datafield><datafield ind1=" " ind2="7" tag="655"><subfield code="a">Periodicals.</subfield><subfield code="2">fast</subfield><subfield code="0">(OCoLC)fst01411641</subfield></datafield><datafield ind1="0" ind2="8" tag="776"><subfield code="i">Print version:</subfield><subfield code="t">Triad business journal</subfield><subfield code="x">1525-9218</subfield><subfield code="w">(OCoLC)877822071</subfield></datafield><datafield ind1="0" ind2="0" tag="780"><subfield code="t">Business journal (Greater Triad Area : Online)</subfield><subfield code="w">(DLC)  2016252010</subfield><subfield code="w">(OCoLC)51608401</subfield></datafield><datafield ind1="4" ind2="1" tag="856"><subfield code="u">http://www.bizjournals.com/triad/</subfield></datafield></record>